<record><leader>00000cas a2200000 a 4500</leader><controlfield tag="001">12626669</controlfield><controlfield tag="008">851002d187u18uuiluwr ne      0   a0eng c</controlfield><datafield ind1=" " ind2=" " tag="010"><subfield code="a">sn 85034279 </subfield></datafield><datafield ind1=" " ind2=" " tag="040"><subfield code="a">NPU</subfield><subfield code="b">eng</subfield><subfield code="c">NPU</subfield><subfield code="d">NPV</subfield><subfield code="d">NVF</subfield><subfield code="d">CNK</subfield><subfield code="d">NVF</subfield><subfield code="d">CVF</subfield><subfield code="d">OCLCQ</subfield><subfield code="d">NVF</subfield><subfield code="d">OCLCQ</subfield><subfield code="d">OCLCF</subfield><subfield code="d">OCLCO</subfield><subfield code="d">NVF</subfield></datafield><datafield ind1=" " ind2=" " tag="042"><subfield code="a">pcc</subfield></datafield><datafield ind1=" " ind2=" " tag="043"><subfield code="a">n-us-il</subfield></datafield><datafield ind1="0" ind2="0" tag="245"><subfield code="a">Rockford weekly gazette.</subfield></datafield><datafield ind1=" " ind2=" " tag="260"><subfield code="a">Rockford, Ill. :</subfield><subfield code="b">[Abraham E. Smith]</subfield></datafield><datafield ind1="2" ind2=" " tag="260"><subfield code="3">&lt;Apr. 19, 1882&gt;</subfield><subfield code="a">Rockford, Ill. :</subfield><subfield code="b">Abraham E. Smith, F.A. Eastman</subfield></datafield><datafield ind1="3" ind2=" " tag="260"><subfield code="3">&lt;Apr. 23, 1884-Apr. 21, 1886&gt;</subfield><subfield code="a">Rockford, Ill. :</subfield><subfield code="b">Abraham E. Smith</subfield></datafield><datafield ind1=" " ind2=" " tag="300"><subfield code="a">volumes</subfield></datafield><datafield ind1=" " ind2=" " tag="310"><subfield code="a">Weekly</subfield></datafield><datafield ind1=" " ind2=" " tag="530"><subfield code="a">Preservation microfilmed by the University of Illinois at Urbana-Champaign Library as part of the United States Newspaper Program; the years 1879-1881 (on 1 microfilm reel) are available for purchase from OCLC Preservation Service Centers.</subfield></datafield><datafield ind1=" " ind2=" " tag="580"><subfield code="a">Semiweekly ed.: Rockford semi-weekly gazette, &lt;1880-1886&gt;</subfield></datafield><datafield ind1=" " ind2=" " tag="580"><subfield code="a">Daily eds.: Rockford daily evening gazette, 1879, and: Rockford daily gazette, 1879-&lt;1886&gt;</subfield></datafield><datafield ind1=" " ind2=" " tag="588"><subfield code="a">Description based on: Vol. 8, no. 3 (Jan. 16, 1873) = whole no. 322.</subfield></datafield><datafield ind1=" " ind2=" " tag="588"><subfield code="a">Latest issue consulted: Vol. 21, no. 16 (Apr. 21, 1886) = whole no. 1,012.</subfield></datafield><datafield ind1=" " ind2="0" tag="651"><subfield code="a">Rockford (Ill.)</subfield><subfield code="v">Newspapers.</subfield></datafield><datafield ind1=" " ind2="7" tag="651"><subfield code="a">Illinois</subfield><subfield code="z">Rockford.</subfield><subfield code="2">fast</subfield><subfield code="0">(OCoLC)fst01208839</subfield></datafield><datafield ind1=" " ind2="7" tag="655"><subfield code="a">Newspapers.</subfield><subfield code="2">fast</subfield><subfield code="0">(OCoLC)fst01423814</subfield></datafield><datafield ind1=" " ind2=" " tag="752"><subfield code="a">United States</subfield><subfield code="b">Illinois</subfield><subfield code="c">Winnebago County</subfield><subfield code="d">Rockford.</subfield></datafield><datafield ind1="1" ind2=" " tag="775"><subfield code="t">Rockford semi-weekly gazette</subfield><subfield code="w">(DLC)sn 87082134</subfield><subfield code="w">(OCoLC)15293562</subfield></datafield><datafield ind1="1" ind2=" " tag="775"><subfield code="t">Rockford daily evening gazette</subfield><subfield code="w">(DLC)sn 88086184</subfield><subfield code="w">(OCoLC)18092833</subfield></datafield><datafield ind1="1" ind2=" " tag="775"><subfield code="t">Rockford daily gazette</subfield><subfield code="w">(DLC)sn 84024086</subfield><subfield code="w">(OCoLC)10478736</subfield></datafield><datafield ind1="0" ind2="0" tag="780"><subfield code="t">Rockford gazette (Rockford, Ill.)</subfield><subfield code="w">(DLC)sn 84038637</subfield><subfield code="w">(OCoLC)11402276</subfield></datafield><datafield ind1="1" ind2=" " tag="029"><subfield code="a">AU@</subfield><subfield code="b">000024693136</subfield></datafield></record>